Date,Net sales,Cost of sales,Gross margin,Research and development,"Selling, general and administrative",Total operating expenses,Operating income,"Other income/(expense), net",Income before provision for income taxes,Provision for income taxes,Net income,Earnings per share basic,Earnings per share diluted,Weighted-average basic,Weighted-average diluted,Cash and cash equivalents,Short-term marketable securities,"Accounts receivable, net",Inventories,Deferred tax assets,Vendor non-trade receivables,Other current assets,Total current assets,Long-term marketable securities,"Property, Plant and Equipment, Net",Goodwill,"Acquired intangible assets, net","Other Assets, Noncurrent",Total assets,accounts payable,Accrued expenses,Deferred revenue,Total current liabilities,Deferred revenue - non-current,deferred tax liabilities,long term taxes payable,Total other non-current liabilities,Total liabilities,Retained Earnings (Accumulated Deficit),Accumulated other comprehensive (loss)/income,Total shareholders equity,Total liabilities and shareholders' equity,"Depreciation, amortization and accretion",Stock-based compensation expense,Deferred income tax expense,"Increase (Decrease) in Accounts receivable, net",Increase (Decrease) in Inventories,Increase (Decrease) in Other Receivables,Increase (Decrease) in Other Operating Assets,Increase (Decrease) in Accounts Payable,Increase (Decrease) in Deferred Revenue,Increase (Decrease) Other liabilities,Cash generated by operating activities,Purchases of marketable securities,Proceeds from maturities of marketable securities,Proceeds from sales of marketable securities,Purchases of other long-term investments,"Business acquisitions, net of cash acquired",Cash payments for capital asset purchases,Payments for acquisition of intangible assets,Payments for (Proceeds from) Other Investing Activities,Cash used in investing activities,Proceeds from issuance of common stock,Excess tax benefits from stock-based compensation,Cash generated/used in financing activities,Increase/(decrease) in cash and cash equivalents,"Cash paid for income taxes, net"
2010-06-30,,,,,,176167000.0,,,,,,-0.45,-0.45,,,73254000.0,,,,,,,,,,,,,5565159000.0,,,,,,,,,3008129000.0,,-40377000.0,2498348000.0,5565159000.0,60077000.0,5389000.0,,,,,11806000.0,,,,121268000.0,,,,,,,,,-202995000.0,,,84353000.0,2626000.0,
2010-09-30,,,,,,266035000.0,,,,,,0.49,0.49,,,110811000.0,,,,,,,,,,,,,5748625000.0,,,,,,,,,2839850000.0,,-33348000.0,2851204000.0,5748625000.0,,8049000.0,,,,,27972000.0,,,,161955000.0,,,,,,,,,-342558000.0,342342000.0,,220786000.0,40183000.0,
2010-12-31,,,,,,362849000.0,,,,,,2.19,2.19,,,91232000.0,,,,,,,,,,,,,5905861000.0,,,,,,,,,2919533000.0,734000.0,-18335000.0,2928825000.0,5905861000.0,,10816000.0,,,,,39598000.0,,,,219346000.0,,,,,,,,,-436654000.0,342342000.0,,237912000.0,20604000.0,
2011-03-31,,,,,,105130000.0,,,,,,0.44,0.44,,,78196000.0,,,,,,,,,,,,,5983343000.0,,,,,,,,,2983651000.0,360000.0,-7193000.0,2942332000.0,5983343000.0,,2356000.0,,,,,8024000.0,,,,45789000.0,,,,,,,,,-88526000.0,,,29701000.0,-13036000.0,
2011-09-30,,,,,,318935000.0,,,,,,1.29,1.29,61295659.0,61303969.0,73056000.0,,,,,,,,,,,,,6455556000.0,,,,,,,,,3024697000.0,,-32202000.0,3373494000.0,6455556000.0,,8449000.0,,,,,54348000.0,,,,185841000.0,,,,,,,,,-601346000.0,451539000.0,,397329000.0,-18176000.0,
2011-12-31,,,,,,430723000.0,,,,,132306000.0,1.73,1.73,59066812.0,59077610.0,78539000.0,,,,,,,,,,,,,6574129000.0,,,,,,,,,3141236000.0,,-34511000.0,3374301000.0,6574129000.0,,11755000.0,,,,,22359000.0,,,,246960000.0,,,,,,,,,-733579000.0,451539000.0,,479156000.0,-12693000.0,
2012-03-31,,,,,,113403000.0,,,,,32093000.0,0.3,0.3,61507807000.0,61508967000.0,77361000.0,,,,,,,,,,,,,6718091000.0,,,,,,,,,3279089000.0,,-23088000.0,3379770000.0,6718091000.0,,3293000.0,,,,,2411000.0,,,,49685000.0,,,,,,,,,-124248000.0,,,71351000.0,-1178000.0,
2012-06-30,,,,,,240404000.0,,,,,56513000.0,0.58,0.58,61663367.0,61663540.0,80937000.0,,,,,,,,,,,,,6841739000.0,,,,,,,,,3385154000.0,,-37370000.0,3396521000.0,6841739000.0,,6567000.0,,,,,9331000.0,,,,142620000.0,,,,,,,,,-291824000.0,37385000.0,,148568000.0,2398000.0,
2012-09-30,,,,,,355057000.0,,,,,74095000.0,0.75,0.75,62364210.0,62364210.0,94904000.0,,,,,,,,,,,,,6965017000.0,,,,,,,,,3448397000.0,,-19729000.0,3455890000.0,6965017000.0,,10412000.0,,,,,3230000.0,,,,227490000.0,,,,,,,,,-408395000.0,98443000.0,,196204000.0,16365000.0,
2012-12-31,,,,,,484627000.0,,,,,99908000.0,1.09,1.09,62159913.0,62160244.0,140971000.0,,,,,,,,,,,,,7150116000.0,,,,,,,,,3647058000.0,,-24833000.0,3441851000.0,7150116000.0,,14160000.0,,,,,4069000.0,,,,305533000.0,,,,,,,,,-558100000.0,97890000.0,,314860000.0,62432000.0,
2013-03-31,,,,,,120957000.0,,,,,28441000.0,0.36,0.36,63161319.0,63161319.0,87001000.0,,,,,,,,,,,,,7090919000.0,,,,,,,,,3595638000.0,,-22890000.0,3433603000.0,7090919000.0,,3349000.0,,,,,7302000.0,,,,47241000.0,,,,,,,,,-69524000.0,,,-31509000.0,-53970000.0,
2013-06-30,,,,,,242870000.0,,,,,60555000.0,,,66973.0,66973.0,302205000.0,,,,,,,,,,,,,7379289000.0,,,,,,,,,3379814000.0,,-39565000.0,3937622000.0,7379289000.0,,7812000.0,,,,,-5043000.0,,,,143074000.0,,,,,,,,,-216472000.0,535536000.0,,236592000.0,161234000.0,
2013-09-30,,,,,,368983000.0,,,,,92112000.0,,,,,53839000.0,,,,,,,,,,,,,7358369000.0,,,,,,,,,3377395000.0,,-40026000.0,3919028000.0,7358369000.0,,11541000.0,,,,,11428000.0,,,,236376000.0,,,,,,,,,-391117000.0,535686000.0,,66857000.0,-87132000.0,
2013-12-31,,,,,,496626000.0,,,,,135317000.0,,,,,57696000.0,,,,,,,,,,,,,7529764000.0,,,,,,,,,3550823000.0,,-36204000.0,3916789000.0,7529764000.0,,15552000.0,,,,,6298000.0,,,,312727000.0,,,,,,,,,-591375000.0,534469000.0,,197570000.0,-83275000.0,
2014-03-31,,,,,,135275000.0,,,,,39716000.0,,,,,74970000.0,,,,,,,,,,,,,7756039000.0,,,,,,,,,3751534000.0,,-18429000.0,3922736000.0,7756039000.0,,3228000.0,,,,,17315000.0,,,,73259000.0,,,,,,,,,-162719000.0,,,106474000.0,17274000.0,
2014-06-30,,,,,,276211000.0,,,,,74672000.0,,,,,61701000.0,,,,,,,,,,,,,7815649000.0,,,,,,,,,3826766000.0,,-16245000.0,3906802000.0,7815649000.0,107735000.0,6304000.0,,,,,5916000.0,,,,144491000.0,,,,,,,,,-273177000.0,0.0,,131854000.0,4005000.0,
2014-09-30,,,,,,425711000.0,,,,,,,,,,67023000.0,,,,,,,,,,,,,8020314000.0,,,,,,,,,4063199000.0,,-28711000.0,3875198000.0,8020314000.0,166123000.0,9372000.0,,,,,12228000.0,,,,255124000.0,,,,,,,,,-474339000.0,0.0,,229980000.0,9327000.0,
2014-12-31,,,,,,628289000.0,,,,,,,,,,86011000.0,,,,,,,,,,,,,8136036000.0,,,,,,,,,4226478000.0,,-628000.0,3828439000.0,8136036000.0,224096000.0,13996000.0,,,,,7466000.0,,,,334325000.0,,,,,,,,,-634829000.0,0.0,,331312000.0,28315000.0,
2015-03-31,,,,,,172276000.0,,,,,,,,,,90641000.0,,,,,,,,,,,,,8405221000.0,,,,,,,,,4608369000.0,,29213000.0,3780548000.0,8405221000.0,58920000.0,3690000.0,,,,,3247000.0,,,,106841000.0,,,,,,,,,-170052000.0,,,67671000.0,4630000.0,
2015-06-30,,,,,,338543000.0,,,,,,,,,,68617000.0,,,,,,,,,,,,,8524891000.0,,,,,,,,,4685772000.0,,83980000.0,3822876000.0,8524891000.0,,7744000.0,,,,,4921000.0,,,,151400000.0,,,,,327200000.0,,,,-316040000.0,5052000.0,,147119000.0,-17394000.0,
2015-09-30,,,,,,518164000.0,,,,,,,,,,76383000.0,,,,,,,,,,,,,8737344000.0,,,,,,,,,4962166000.0,,35238000.0,3759162000.0,8737344000.0,,12922000.0,,,,,13721000.0,,,,246411000.0,,,,,438100000.0,,,,-557490000.0,5052000.0,,301638000.0,-9628000.0,
2015-12-31,,,,,,711394000.0,,,,,144217000.0,,,,,125098000.0,,,,,,,,,13682000.0,,,,8911120000.0,,,,,,,,,4617156000.0,,49191000.0,3975087000.0,8911120000.0,261289000.0,17512000.0,,,,,9079000.0,,,,342611000.0,,,,,438100000.0,,,,-722395000.0,78463000.0,,419126000.0,39087000.0,
2016-03-31,,,,,,205726000.0,,,,,5936000.0,,,,,146197000.0,,,,,,,,,14185000.0,,,,8971532000.0,,,,,,,,,4784241000.0,,-8533000.0,3865720000.0,8971532000.0,,5439000.0,,,,,2525000.0,,,,101782000.0,,,,,,,,,-171122000.0,25278000.0,,90780000.0,21099000.0,
2016-06-30,,,,,,539772000.0,,,,,-111616000.0,,,,,256000000.0,,,,,,,,,13878000.0,,,,9144830000.0,,,,,,,,,4777353000.0,,8272000.0,4021709000.0,9144830000.0,,11556000.0,,,,,5931000.0,,,,172108000.0,,,,,,,,,-373964000.0,367802000.0,,333559000.0,130902000.0,
2016-09-30,,,,,,741955000.0,,,,,-81205000.0,,,76651000.0,77402000.0,157928000.0,,,,,,,,,13379000.0,,,,9293901000.0,,,,,,,,,5000980000.0,,-31745000.0,3910078000.0,9293901000.0,,19007000.0,,,,,14813000.0,,,,291851000.0,,,,,,,,,-715301000.0,367802000.0,,457720000.0,32830000.0,
2016-12-31,,,,,,975126000.0,,,,,-65901000.0,,,76103000.0,,125032000.0,,,,,,,,,12839000.0,,,,10354888000.0,,,,,,,,,4972610000.0,,5355000.0,4895796000.0,10354888000.0,,25433000.0,,,,,11420000.0,,,,392501000.0,,,,,,,,,-1496628000.0,1432177000.0,,1105521000.0,-66000.0,
2017-03-31,,,,,,223953000.0,,,,,41711000.0,,,88147000.0,88200000.0,151209000.0,,,,,,,,,12304000.0,,,,10868626000.0,,,,,,,,,5422299000.0,,21460000.0,4952431000.0,10868626000.0,,5252000.0,,,,,3987000.0,,,,107464000.0,,,,,,,,,-468356000.0,217759000.0,,386884000.0,26177000.0,
2017-06-30,,,,,,456216000.0,,,,,75932000.0,,,90215000.0,90745000.0,124877000.0,,,,,,,,,11787000.0,,,,11245667000.0,,,,,,,,,5591176000.0,,22677000.0,5157164000.0,11245667000.0,,10756000.0,,,,,4654000.0,,,,221608000.0,,,,,533509000.0,,,,-981720000.0,459607000.0,,759225000.0,-155000.0,
2017-09-30,,,,,,696140000.0,,,,,129705000.0,,,92598000.0,93296000.0,118562000.0,,,,,,,,,11443000.0,,,,11545323000.0,,,,,,,,,5640512000.0,,43864000.0,5406970000.0,11545323000.0,,18649000.0,,,,,10662000.0,,,,356330000.0,,,,,573209000.0,,,,-1313764000.0,705391000.0,,949385000.0,-6470000.0,
2017-12-31,,,,,,949700000.0,,,,,169093000.0,1.59,1.58,91546000.0,92063000.0,254381000.0,,,,,,,,,11070000.0,,,,12103953000.0,,,,,,,,,5620784000.0,,50024000.0,5949666000.0,12103953000.0,,25610000.0,,,,,18222000.0,,,,450325000.0,,,,,659659000.0,,,,-1738126000.0,1275397000.0,,1415427000.0,129349000.0,
2018-03-31,,,,,,265326000.0,,,,,135630000.0,1.33,1.32,99855000.0,100125000.0,221645000.0,,,,,,,,,10904000.0,,,,12821196000.0,,,,,,,,,6087849000.0,,1228000.0,6194597000.0,12821196000.0,,7248000.0,,,,,14279000.0,,,,128921000.0,,,,,320500000.0,,,,-598038000.0,99369000.0,,451319000.0,,
2018-06-30,,,,,,543433000.0,,,,,190360000.0,1.83,1.83,101881000.0,102236000.0,287029000.0,,,,,,,,,11538000.0,,,,13562190000.0,,,,,,,,,6562055000.0,,-2485000.0,6460461000.0,13562190000.0,,15223000.0,,,,,15055000.0,,,,258241000.0,,,,,1002255000.0,,,,-1268899000.0,400207000.0,,1056486000.0,44655000.0,
2018-09-30,,,,,,828818000.0,,,,,403996000.0,3.86,3.85,104179000.0,105385000.0,204181000.0,,,,,,,,,12958000.0,,,,14105566000.0,,,,,,,,,6692182000.0,,-3811000.0,6872783000.0,14105566000.0,,25209000.0,,,,,21629000.0,,,,414088000.0,,,,,,,,,-1764149000.0,696532000.0,,1307806000.0,-43306000.0,
2018-12-31,,,,,,1114114000.0,,,,,379312000.0,3.53,3.52,103010000.0,103321000.0,234181000.0,,,,,,,,,14787000.0,,,,14464956000.0,,,,,,,,,6570242000.0,,-10435000.0,7341965000.0,14464956000.0,,35019000.0,,,,,20849000.0,,,,570339000.0,,,,,,,,,-2161760000.0,1293301000.0,,1588433000.0,-5056000.0,
2019-03-31,,,,,,306726000.0,,,,,129159000.0,1.11,1.11,111054000.0,111054000.0,261372000.0,,,,,,,,,15893000.0,,,,15480206000.0,,,,,,,,,7125292000.0,,-10712000.0,7566577000.0,15480206000.0,,11029000.0,,,,,8684000.0,,,,136730000.0,,,,,,,,,-734333000.0,0.0,,640806000.0,43675000.0,
2019-06-30,,,,,,616165000.0,,,,,207926000.0,1.8,1.8,111433000.0,111501000.0,198909000.0,,,,,,,,,16725000.0,,,,16039470000.0,,,,,,,,,7628001000.0,,-11134000.0,7629020000.0,16039470000.0,,22466000.0,,,,,-560000.0,,,,308340000.0,,,,,,,,,-1452237000.0,85394000.0,,1109218000.0,-33905000.0,
2019-09-30,,,,,,982527000.0,,,,,160724000.0,1.35,1.35,112120000.0,112120000.0,410675000.0,,,,,,,,,17511000.0,,,,17058154000.0,,,,,,,,,8094534000.0,,-11549000.0,7790232000.0,17058154000.0,,33401000.0,,,,,4986000.0,,,,505566000.0,,,,,,,,,-2350870000.0,235487000.0,,2025676000.0,180840000.0,
2019-12-31,,,,,,1332506000.0,,,,,363165000.0,3.13,3.12,112204000.0,112524000.0,189681000.0,,,,,,,,,23031000.0,,,,18390503000.0,,,,,,,,,8224025000.0,,-9749000.0,8865826000.0,18390503000.0,,43640000.0,,,,,20825000.0,,,,683857000.0,,,,,,,,,-3641320000.0,1216445000.0,,2927482000.0,-29441000.0,
2020-03-31,,,,,,384304000.0,,,,,18765000.0,0.14,0.14,121433000.0,121785000.0,445255000.0,,,,,,,,,29826000.0,,,,19701935000.0,,,,,,,,,8787670000.0,,-15606000.0,9322586000.0,19701935000.0,,9929000.0,,,,,10893000.0,,,,191267000.0,,,,,,,,,-833592000.0,504338000.0,,889675000.0,245682000.0,
2020-06-30,,,,,,766249000.0,,,,,248419000.0,1.99,1.99,124333000.0,124448000.0,206860000.0,,,,,,,,,31027000.0,,,,20069108000.0,,,,,,,,,9000132000.0,,-13080000.0,9431440000.0,20069108000.0,,19114000.0,,,,,1187000.0,,,,393657000.0,,,,,,,,,-1397060000.0,504338000.0,,1002969000.0,-1149000.0,
2020-09-30,,,,,,1224204000.0,,,,,329475000.0,2.62,2.61,124901000.0,125828000.0,446255000.0,,,,,,,,,32332000.0,,,,21910671000.0,,,,,,,,,9575551000.0,,-10638000.0,10701814000.0,21910671000.0,,32108000.0,,,,,6094000.0,,,,708941000.0,,,,,,,,,-2865016000.0,1813573000.0,,2398781000.0,242354000.0,
2020-12-31,,,,,,1642024000.0,,,,,770959000.0,6.03,6.01,126106000.0,126490000.0,568532000.0,,,,,,,,,31130000.0,,,,22827878000.0,,,,,,,,,9384100000.0,,-6625000.0,11725712000.0,22827878000.0,,43502000.0,,,,,10997000.0,,,,882510000.0,,,,,,,,,-3278161000.0,2315862000.0,,2750356000.0,355016000.0,
2021-03-31,,,,,,461646000.0,,,,,8121000.0,0.04,0.04,137319000.0,137688000.0,492184000.0,,,,,,,,,30830000.0,,,,25234346000.0,,,,,,,,,10452384000.0,,-5799000.0,12990406000.0,25234346000.0,,12446000.0,,,,,25775000.0,,,,212053000.0,,,,,,,,,-2437880000.0,1397649000.0,,2162254000.0,-63302000.0,
2021-06-30,,,,,,873617000.0,,,,,393205000.0,2.74,2.74,145825000.0,146058000.0,323876000.0,,,,,,,,,29872000.0,,,,27018850000.0,,,,,,,,,10837033000.0,,-4508000.0,14191022000.0,27018850000.0,,24688000.0,,,,,8749000.0,,,,451814000.0,,,,,,,,,-4136457000.0,2266464000.0,,3444082000.0,-240132000.0,
2021-09-30,,,,,,1366683000.0,,,,,496352000.0,3.39,3.38,150854000.0,151561000.0,325872000.0,,,,,,,,,27333000.0,,,,28558718000.0,,,,,,,,,11586597000.0,,-6029000.0,14723238000.0,28558718000.0,,34416000.0,,,,,27311000.0,,,,760637000.0,,,,,,,,,-5433393000.0,2758545000.0,,4442763000.0,-229651000.0,
2021-12-31,,,,,,1858170000.0,,,,,571247000.0,3.83,3.82,146921000.0,147460000.0,361348000.0,,,,,,,,,26429000.0,,,,30219373000.0,,,,,,,,,11186123000.0,,-7294000.0,16189542000.0,30219373000.0,,48669000.0,,,,,24591000.0,,,,1010197000.0,,,,,,,,,-7107324000.0,3529097000.0,,5916361000.0,-182478000.0,
2022-03-31,,,,,,492358000.0,,,,,-149569000.0,-0.96,-0.96,158198000.0,158198000.0,775060000.0,,,,,,,,,25930000.0,,,,32844256000.0,,,,,,,,,12663640000.0,,-5727000.0,16929981000.0,32844256000.0,,14028000.0,,,,,22618000.0,,,,191086000.0,,,,,,,,,-2488798000.0,646316000.0,,2752570000.0,454939000.0,
2022-06-30,,,,,,1001691000.0,,,,,272214000.0,1.67,1.67,161412000.0,161412000.0,420258000.0,,,,,,,,,24975000.0,,,,33244053000.0,,,,,,,,,12781917000.0,,-11851000.0,17139335000.0,33244053000.0,,28368000.0,,,,,6893000.0,,,,530120000.0,,,,,,,,,-3096199000.0,646316000.0,,2668900000.0,102435000.0,
2022-09-30,,,,,,1569534000.0,,,,,467341000.0,2.88,2.88,161554000.0,161554000.0,533824000.0,,,,,,,,,23493000.0,,,,34368614000.0,,,,,,,,,13113235000.0,,-24725000.0,17616335000.0,34368614000.0,,46154000.0,,,,,17719000.0,,,,893158000.0,,,,,,,,,-3720618000.0,845746000.0,,3279025000.0,450941000.0,
2022-12-31,,,,,,2125066000.0,,,,,521660000.0,3.18,3.18,161659000.0,161659000.0,825193000.0,,,,,,,,,23186000.0,,,,35523399000.0,,,,,,,,,12840152000.0,,-20812000.0,18972387000.0,35523399000.0,,57740000.0,,,,,18960000.0,,,,1294321000.0,,,,,,,,,-5080458000.0,2346444000.0,,4229772000.0,442748000.0,
2023-03-31,,,,,,534185000.0,,,,,77862000.0,0.44,0.44,170784000.0,170784000.0,1263452000.0,,,,,,,,,22788000.0,,,,36912465000.0,,,,,,,,,14225698000.0,,-20536000.0,18883994000.0,36912465000.0,,16486000.0,,,,,25422000.0,,,,305570000.0,,,,,,,,,-1039665000.0,0.0,,1174810000.0,440409000.0,
2023-06-30,,,,,,1251103000.0,,,,,167799000.0,0.95,0.95,170864000.0,170864000.0,924370000.0,,,,,,,,,24102000.0,,,,36659257000.0,,,,,,,,,13892005000.0,,-16589000.0,18797438000.0,36659257000.0,,31978000.0,,,,,-4735000.0,,,,784043000.0,,,,,,,,,-1434101000.0,0.0,,752558000.0,102315000.0,
2023-09-30,,,,,,1816207000.0,,,,,192068000.0,1.08,1.08,170890000.0,170890000.0,532390000.0,,,,,,,,,25673000.0,,,,36783293000.0,,,,,,,,,14070411000.0,,-24984000.0,18627911000.0,36783293000.0,,48266000.0,,,,,20907000.0,,,,1201933000.0,,,,,,,,,-2110556000.0,0.0,,618962000.0,-290264000.0,
2023-12-31,,,,,,2687325000.0,,,,,103639000.0,0.54,0.54,170909000.0,170909000.0,618190000.0,,,,,,,,,26560000.0,,,,36771402000.0,,,,,,,,,14148409000.0,,-15896000.0,18471175000.0,36771402000.0,,82858000.0,,,,,-798000.0,,,,1630550000.0,,,,,,,,,-2500619000.0,103846000.0,,674156000.0,-197204000.0,
2024-03-31,,,,,,593763000.0,,,,,170545000.0,0.97,0.97,171949000.0,171949000.0,722176000.0,,,,,,,,,28380000.0,,,,37699046000.0,,,,,,,,,14943128000.0,,-23815000.0,18412595000.0,37699046000.0,,17125000.0,,,,,40728000.0,,,,341157000.0,,,,,,,,,-894854000.0,,,624429000.0,70924000.0,
2024-06-30,,,,,,1222918000.0,,,,,217247000.0,1.22,1.22,172013000.0,172013000.0,561021000.0,,,,,,,,,32775000.0,,,,37847865000.0,,,,,,,,,15180998000.0,,-27710000.0,18258621000.0,37847865000.0,,31632000.0,,,,,3046000.0,,,,752954000.0,,,,,,,,,-1468479000.0,,,620460000.0,-94918000.0,
2024-09-30,,,,,,1843417000.0,,,,,385194000.0,2.18,2.18,172058000.0,172058000.0,562606000.0,,,,,,,,,35967000.0,,,,38488128000.0,,,,,,,,,15784678000.0,,-22529000.0,18217631000.0,38488128000.0,,47157000.0,,,,,36334000.0,,,,1230346000.0,,,,,,,,,-1956959000.0,,,645405000.0,-81134000.0,
,,,,,,,,,,,,,,,,,,,,,,,,,,,,,,,,,,,,,,,,,,,,,,,,,,,,,,,,,,,,,,,,,,,
,,,,,,,,,,,,,,,,,,,,,,,,,,,,,,,,,,,,,,,,,,,,,,,,,,,,,,,,,,,,,,,,,,,
,,,,,,,,,,,,,,,,,,,,,,,,,,,,,,,,,,,,,,,,,,,,,,,,,,,,,,,,,,,,,,,,,,,
